%% Created using Papers on Sun, 13 Jan 2013.
%% http://mekentosj.com/papers/

@article{Impedovo:2010vo,
author = {Impedovo, S and Pirlo, G and al, et},
title = {{Advancements in Handwritting Recognition}},
journal = {{\ldots} },
year = {2010}
}

@article{Schomaker:1993wd,
author = {Schomaker, L},
title = {{Using stroke-or character-based self-organizing maps in the recognition of on-line, connected cursive script}},
journal = {Pattern Recognition},
year = {1993}
}

@article{Niels:2004uf,
author = {Niels, R},
title = {{Dynamic Time Warping: An intuitive way of handwriting recognition?}},
journal = {Citeseer},
year = {2004}
}

@article{Gauthier:2001vf,
author = {Gauthier, N and Arti{\`e}res, T and al, et},
title = {{Strategies for combining on-line and off-line information in an on-line handwriting recognition system}},
journal = {{\ldots}  and Recognition},
year = {2001}
}

@article{Wu:2003tb,
author = {Wu, MPH},
title = {{Handwritten Character Recognition}},
journal = {Submitted for the degree of Bachelor of  {\ldots}},
year = {2003}
}

@article{Harrow:2012tu,
author = {Harrow, Jennifer and Frankish, Adam and Gonzalez, Jose M and Tapanari, Electra and Diekhans, Mark and Kokocinski, Felix and Aken, Bronwen L and Barrell, Daniel and Zadissa, Amonida and Searle, Stephen and Barnes, If and Bignell, Alexandra and Boychenko, Veronika and Hunt, Toby and Kay, Mike and Mukherjee, Gaurab and Rajan, Jeena and Despacio-Reyes, Gloria and Saunders, Gary and Steward, Charles and Harte, Rachel and Lin, Michael and Howald, C{\'e}dric and Tanzer, Andrea and Derrien, Thomas and Chrast, Jacqueline and Walters, Nathalie and Balasubramanian, Suganthi and Pei, Baikang and Tress, Michael and Rodriguez, Jose Manuel and Ezkurdia, Iakes and van Baren, Jeltje and Brent, Michael and Haussler, David and Kellis, Manolis and Valencia, Alfonso and Reymond, Alexandre and Gerstein, Mark and Guig{\'o}, Roderic and Hubbard, Tim J},
title = {{GENCODE: The reference human genome annotation for The ENCODE Project}},
journal = {Genome  {\ldots}},
year = {2012}
}

@article{Mathur:2010tb,
author = {Mathur, S},
title = {{Handwritten Character Recognition}},
journal = {cs229.stanford.edu},
year = {2010}
}

@article{Itakura:1975jh,
author = {Itakura, F},
title = {{Minimum prediction residual principle applied to speech recognition}},
journal = {Acoustics, Speech and Signal Processing, IEEE Transactions on},
year = {1975},
volume = {23},
number = {1},
pages = {67--72},
month = feb
}

@article{Anonymous:2004wu,
title = {{Everything you know about dynamic time warping is wrong}},
journal = {Third Workshop on Mining Temporal  {\ldots}},
year = {2004}
}

@article{Anonymous:2003wf,
title = {{Word image matching using dynamic time warping}},
journal = {Computer Vision and Pattern  {\ldots}},
year = {2003}
}

@article{Anonymous:2004uz,
title = {{The writer independent online handwriting recognition system frog on hand and cluster generative statistical dynamic time warping}},
journal = {Pattern Analysis and Machine  {\ldots}},
year = {2004}
}

@article{Anonymous:1993uq,
title = {{Normalizing and restoring on-line handwriting}},
journal = {Pattern Recognition},
year = {1993}
}

@inproceedings{Hautamaki:2008fh,
author = {Hautamaki, Ville and Nykanen, Pekka and Franti, Pasi},
title = {{Time-series clustering by approximate prototypes}},
booktitle = {2008 19th International Conference on Pattern Recognition (ICPR)},
year = {2008},
pages = {1--4},
publisher = {IEEE}
}

@article{Vuurpijl:2005vn,
author = {Vuurpijl, L},
title = {{Using Dynamic Time Warping for intuitive handwriting recognition}},
journal = {Proc. IGS2005},
year = {2005}
}

@article{Ahmad:2004wu,
author = {Ahmad, A R and al, et},
title = {{Online handwriting recognition using support vector machine}},
journal = {TENCON 2004. 2004  {\ldots}},
year = {2004}
}

@article{Poisson:2002vf,
author = {Poisson, E and al, et},
title = {{Multi-modular architecture based on convolutional neural networks for online handwritten character recognition}},
journal = {{\ldots}  Processing},
year = {2002}
}

@article{Vuurpijl:1997vy,
author = {Vuurpijl, L and Schomaker, L},
title = {{Finding structure in diversity: A hierarchical clustering method for the categorization of allographs in handwriting}},
journal = {Document Analysis and Recognition {\ldots}},
year = {1997}
}

@article{Henniger:2007us,
author = {Henniger, O and Muller, S},
title = {{IEEE Xplore Download}},
journal = {{\ldots} },
year = {2007}
}

@article{Rabiner:1980uj,
author = {Rabiner, Lawrence R and Schmidt, Carolyn E},
title = {{Application of Dynamic  Time  Warping to Connected  Digit  Recognition}},
journal = {IEEE  TRANSACTIONS  ON  ACOUSTICS, SPEECH,  AND  SIGNAL   PROCESSING},
year = {1980},
volume = {ASSP-28},
number = {4},
pages = {377--388}
}

@article{Namboodi:2004vw,
author = {Namboodi, Anoop M and Jain, Anil K},
title = {{Online Handwritten Script Recognition}},
journal = {IEEE TRANSACTIONS ON PATTERN ANALYSIS AND MACHINE INTELLIGENCE},
year = {2004},
volume = {26},
number = {1}
}

@article{Jaeger:VWiehF9b,
author = {Jaeger, S and Manke, S and Reichert, J and Waibel, A},
title = {{Online Handwriting Recognition: the NPen++ recognizer}},
journal = {International Journal on Document Analysis and Recogknition}
}

@article{Keshari:2007vn,
author = {Keshari, Birendra and Watt, Stephen M},
title = {{Hybrid mathematical symbol recognition using support vector machines}},
journal = {Document Analysis and Recognition {\ldots}},
year = {2007}
}

@article{Pastor:2005uk,
author = {Pastor, M and al, et},
title = {{Writing speed normalization for on-line handwritten text recognition}},
journal = {Document Analysis and  {\ldots}},
year = {2005}
}

@article{Zhang:wj,
author = {Zhang, Yan and Tang, Zhen-min and Li, Yan-ping and Qian, Bo},
title = {{Ensemble Learning and Optimizing KNN Method for Speaker Recognition}},
journal = {Fuzzy Systems and Knowledge Discovery, 2007. FSKD 2007. Fourth International Conference on}
}

@article{Kittler:tr,
author = {Kittler, J and Hatef, M and Duin, R P W and Matas, J},
title = {{On combining classifiers}},
journal = {Pattern Analysis and Machine Intelligence, IEEE Transactions on}
}

@article{Anonymous:2002ue,
title = {{Speeding up On-line Recognition of Handwritten Characters by Pruning the Prototype Set}},
journal = {lib.tkk.fi},
year = {2002}
}

@article{Anonymous:1999wl,
title = {{Self-organizing maps and learning vector quantization for feature sequences}},
journal = {Neural Processing Letters},
year = {1999}
}

@article{Tanaka:1999va,
author = {Tanaka, H and Nakajima, K and al, et},
title = {{Hybrid pen-input character recognition system based on integration of online-offline recognition}},
journal = {{\ldots}  and Recognition},
year = {1999}
}

@article{Altenberg:1994wx,
author = {Altenberg, L},
title = {{The schema theorem and Price's theorem}},
journal = {Foundations of genetic algorithms},
year = {1994}
}

@article{Ratanamahatana:2004wu,
author = {Ratanamahatana, Chotirat Ann and Keogh, Eamonn},
title = {{Everything you know about Dynamic Time Warping is Wrong}},
journal = {Third Workshop on Mining Temporal and Sequential Data},
year = {2004},
pages = {22--25},
month = aug
}

@article{Vose:1990wg,
author = {Vose, M D},
title = {{Generalizing the notion of schema in genetic algorithms}},
journal = {Artificial Intelligence},
year = {1990}
}

@article{Bott:B2gDZkdG,
author = {Bott, Frank},
title = {{Professional Issues in Information Technology}}
}

@article{Haddad:1998vg,
author = {Haddad, H and Khatib, M and Lacroix, S and al, et},
title = {{Reactive navigation in outdoor environments using potential fields}},
journal = {{\ldots}  and Automation},
year = {1998}
}

@article{Debnath:2003wk,
author = {Debnath, S and Pennock, D M and Giles, C L and al, et},
title = {{Information incorporation in online in-game sports betting markets}},
journal = {Proceedings of the 4th  {\ldots}},
year = {2003}
}

@article{Forrest:2005tq,
author = {Forrest, D and Goddard, J and al, et},
title = {{Odds-setters as forecasters: The case of English football}},
journal = {International Journal of Forecasting},
year = {2005}
}

@article{Boulier:2003tp,
author = {Boulier, B L and al, et},
title = {{Predicting the outcomes of National Football League games}},
journal = {International Journal of Forecasting},
year = {2003}
}

@article{Shendure:2008uc,
author = {Shendure, J and Ji, H},
title = {{Next-generation DNA sequencing}},
journal = {Nature biotechnology},
year = {2008}
}

@article{Zhang:2008wp,
author = {Zhang, Y and Liu, T and Meyer, C A and Eeckhoute, J and al, et},
title = {{Model-based analysis of ChIP-Seq (MACS)}},
journal = {Genome  {\ldots}},
year = {2008}
}

@article{Jothi:2008wn,
author = {Jothi, R and Cuddapah, S and Barski, A and Cui, K and al, et},
title = {{Genome-wide identification of in vivo protein--DNA binding sites from ChIP-Seq data}},
journal = {Nucleic acids  {\ldots}},
year = {2008}
}

@article{Mardis:2007wa,
author = {Mardis, E R},
title = {{ChIP-seq: welcome to the new frontier}},
journal = {Nature methods},
year = {2007}
}

@article{Ramagopalan:2010ui,
author = {Ramagopalan, S V and Heger, A and Berlanga, A J and al, et},
title = {{A ChIP-seq defined genome-wide map of vitamin D receptor binding: associations with disease and evolution}},
journal = {Genome  {\ldots}},
year = {2010}
}

@article{Barski:2009wy,
author = {Barski, A and Zhao, K},
title = {{Genomic location analysis by ChIP‚ÄêSeq}},
journal = {Journal of cellular biochemistry},
year = {2009}
}

@article{Xu:2008vh,
author = {Xu, H and Wei, C L and Lin, F and Sung, W K},
title = {{An HMM approach to genome-wide identification of differential histone modification sites from ChIP-seq data}},
journal = {Bioinformatics},
year = {2008}
}

@article{Metzker:j6NWuwFp,
author = {Metzker, Michael L},
title = {{Sequencing Technologies - the Next Generation}}
}

@article{Park:2009wc,
author = {Park, P J},
title = {{ChIP--seq: advantages and challenges of a maturing technology}},
journal = {Nature Reviews Genetics},
year = {2009}
}

@article{Hon:2008wv,
author = {Hon, G and Ren, B and Wang, W},
title = {{ChromaSig: a probabilistic approach to finding common chromatin signatures in the human genome}},
journal = {PLoS computational biology},
year = {2008}
}

@article{Anonymous:0ahuMyg4,
title = {{thenewgenetics}}
}

@article{Luan:2003vy,
author = {Luan, Y and Li, H},
title = {{Clustering of time-course gene expression data using a mixed-effects model with B-splines}},
journal = {Bioinformatics},
year = {2003}
}

@article{Liao:2005tp,
author = {Liao, T Warren},
title = {{Clustering of time series data---a survey}},
journal = {Pattern Recognition},
year = {2005}
}

@article{Guha:2000vp,
author = {Guha, S and Mishra, N and Motwani, R and al, et},
title = {{Clustering data streams}},
journal = {{\ldots}  of computer science},
year = {2000}
}

@article{Schweikert:rFb44H4W,
author = {Schweikert, Gabriele and Cseke, Botond and Clouaire, Thomas and Bird, Adrian and Sanguinetti, Guido},
title = {{A Non-Parametric Statistical Test for Differential Peak Detection in Chip-Seq Data}}
}

@article{Barski:2007ww,
author = {Barski, A and Cuddapah, S and Cui, K and Roh, T Y and Schones, D E and al, et},
title = {{High-resolution profiling of histone methylations in the human genome}},
journal = {Cell},
year = {2007}
}

@article{Kouzarides:2007js,
author = {Kouzarides, Tony},
title = {{Chromatin Modifications and Their Function}},
journal = {Cell},
year = {2007},
volume = {128},
number = {4},
pages = {13},
month = feb
}

@article{Anders:2010vr,
author = {Anders, S and Huber, W},
title = {{Differential expression analysis for sequence count data}},
journal = {Genome Biol},
year = {2010}
}

@article{Robinson:2010wx,
author = {Robinson, M D and McCarthy, D J and Smyth, G K},
title = {{edgeR: a Bioconductor package for differential expression analysis of digital gene expression data}},
journal = {Bioinformatics},
year = {2010}
}

@article{Zhao:2011ud,
author = {Zhao, X and Valen, E and Parker, B J and Sandelin, A},
title = {{Systematic clustering of transcription start site landscapes}},
journal = {PloS one},
year = {2011}
}

@article{Rye:2011tp,
author = {Rye, M B and S{\ae}trom, P and Drabl{\o}s, F},
title = {{A manually curated ChIP-seq benchmark demonstrates room for improvement in current peak-finder programs}},
journal = {Nucleic Acids Research},
year = {2011}
}

@article{Stegle:2010vc,
author = {Stegle, O and Drewe, P and Bohnert, R and Borgwardt, K and al, et},
title = {{Statistical tests for detecting differential RNA-transcript expression from read counts}},
journal = {Nat  {\ldots}},
year = {2010}
}

@article{Kouzarides:2007ui,
author = {Kouzarides, T},
title = {{Chromatin modifications and their function}},
journal = {Cell},
year = {2007}
}

@article{Guttman:2010tv,
author = {Guttman, M and Garber, M and Levin, J Z and Donaghey, J and al, et},
title = {{Ab initio reconstruction of cell type-specific transcriptomes in mouse reveals the conserved multi-exonic structure of lincRNAs}},
journal = {Nature  {\ldots}},
year = {2010},
annote = {Introduces scripture - tool used for broad peak data}
}

@article{Grundy:1997vb,
author = {Grundy, W N and Bailey, T L and Elkan, C P and al, et},
title = {{Meta-MEME: motif-based hidden Markov models of protein families}},
journal = {{\ldots}  applications in the  {\ldots}},
year = {1997}
}

@article{Hirano:2005wh,
author = {Hirano, S and Tsumoto, S},
title = {{Empirical Comparison of Clustering Methods for Long Time-Series Databases - Springer}},
journal = {Active Mining},
year = {2005},
annote = {States that Complete-Linkage is best used in Agglomerative Clustering using DTW}
}

@article{Teemu:2009tp,
author = {Teemu, L and Sunil, R and Soile, T and Riitta, L and Tero, A and al, et},
title = {{A practical comparison of methods for detecting transcription factor binding sites in ChIP-seq experiments}},
journal = {BMC  {\ldots}},
year = {2009}
}

@article{Anonymous:Obr5cxnb,
title = {{gb-2008-9-9-r137}}
}

@article{Valerie:tc,
author = {Valerie, H and Lior, P},
title = {{Shape-based peak identification for ChIP-Seq}},
journal = {BMC Bioinformatics}
}

@article{Bessarabova:2010ug,
author = {Bessarabova, M and Kirillov, E and Shi, W and Bugrim, A and al, et},
title = {{Bimodal gene expression patterns in breast cancer}},
journal = {BMC  {\ldots}},
year = {2010}
}

@article{Kharchenko:2008wo,
author = {Kharchenko, P V and Tolstorukov, M Y and Park, P J},
title = {{Design and analysis of ChIP-seq experiments for DNA-binding proteins}},
journal = {Nature biotechnology},
year = {2008}
}

@article{Bieberstein:2012tf,
author = {Bieberstein, N I and Oesterreich, F C and Straube, K and al, et},
title = {{First Exon Length Controls Active Chromatin Signatures and Transcription}},
journal = {Cell Reports},
year = {2012}
}

@article{Ramasubramanian:1992wu,
author = {Ramasubramanian, V and Paliwal, K K},
title = {{An efficient approximation-elimination algorithm for fast nearest-neighbour search based on a spherical distance coordinate formulation}},
journal = {Pattern Recognition Letters},
year = {1992}
}

@article{Anonymous:RZwlu4dv,
title = {{FastDTW{\_}paper}}
}

@article{Neugebauer:2012da,
author = {Neugebauer, NicolenbspI Bieberstein FernandonbspCarrillo Oesterreich Korinna Straube KarlanbspM and Oesterreich, Fernando Carrillo and Straube, Korinna and Neugebauer, Karla M},
title = {{First Exon Length Controls Active Chromatin Signatures and Transcription}},
journal = {CellReports},
year = {2012},
volume = {2},
number = {1},
pages = {62--68},
month = jul
}

@article{Sakoe:1978ta,
author = {Sakoe, H and Chiba, S},
title = {{Dynamic programming algorithm optimization for spoken word recognition}},
journal = {Acoustics},
year = {1978}
}

@article{Anonymous:2002uu,
title = {{Evaluation of Hierarchical Clustering Algorithms for Document Datasets}},
year = {2002},
pages = {1--10},
month = sep
}

@article{Petitjean:2011bq,
author = {Petitjean, Fran{\c c}ois and Ketterlin, Alain and Gan{\c c}arski, Pierre},
title = {{A global averaging method for dynamic time warping, with applications to clustering}},
journal = {Pattern Recognition},
year = {2011},
volume = {44},
number = {3},
pages = {678--693},
month = mar
}

@article{Anonymous:0laC2U5-,
title = {{The Clustergram: A graph for visualizing hierarchical and non-hierarchical cluster analyses}},
year = {2002},
pages = {1--19},
month = aug
}

@article{Anonymous:Qin7-Y1v,
title = {{INTERACTIVE COLOR MOSAIC AND DENDROGRAM DISPLAYS FOR SIGNAL/ NOISE OPTIMIZATION IN MICROARRAY DATA ANALYSIS}},
year = {2012},
pages = {1--5},
month = oct
}

@article{Niennattrakul:2007wv,
author = {Niennattrakul, V and Ratanamahatana, C A},
title = {{Inaccuracies of Shape Averaging Method Using Dynamic Time Warping for Time Series Data - Springer}},
journal = {Computational Science--ICCS 2007},
year = {2007},
annote = {Shows that balanced hierarchical averaging and sequential hierarchical averaging both produce results that are not suitable for using them in, say{\ldots} k-means.

This is due to DTW not satisfying triangle inequality.}
}

