%% Created using Papers on Fri, 22 Mar 2013.
%% http://mekentosj.com/papers/

@article{Thurman:2012fe,
author = {Thurman, Robert E and Rynes, Eric and Humbert, Richard and Vierstra, Jeff and Maurano, Matthew T and Haugen, Eric and Sheffield, Nathan C and Stergachis, Andrew B and Wang, Hao and Vernot, Benjamin and Garg, Kavita and John, Sam and Sandstrom, Richard and Bates, Daniel and Boatman, Lisa and Canfield, Theresa K and Diegel, Morgan and Dunn, Douglas and Ebersol, Abigail K and Frum, Tristan and Giste, Erika and Johnson, Audra K and Johnson, Ericka M and Kutyavin, Tanya and Lajoie, Bryan and Lee, Bum-Kyu and Lee, Kristen and London, Darin and Lotakis, Dimitra and Neph, Shane and Neri, Fidencio and Nguyen, Eric D and Qu, Hongzhu and Reynolds, Alex P and Roach, Vaughn and Safi, Alexias and Sanchez, Minerva E and Sanyal, Amartya and Shafer, Anthony and Simon, Jeremy M and Song, Lingyun and Vong, Shinny and Weaver, Molly and Yan, Yongqi and Zhang, Zhancheng and Zhang, Zhuzhu and Lenhard, Boris and Tewari, Muneesh and Dorschner, Michael O and Hansen, R Scott and Navas, Patrick A and Stamatoyannopoulos, George and Iyer, Vishwanath R and Lieb, Jason D and Sunyaev, Shamil R and Akey, Joshua M and Sabo, Peter J and Kaul, Rajinder and Furey, Terrence S and Dekker, Job and Crawford, Gregory E and Stamatoyannopoulos, John A},
title = {{The accessible chromatin landscape of the human genome}},
journal = {Nature  {\ldots}},
year = {2012},
volume = {489},
number = {7414},
pages = {75--82},
month = sep
}

@article{Impedovo:2010vo,
author = {Impedovo, S and Pirlo, G and al, et},
title = {{Advancements in Handwritting Recognition}},
journal = {{\ldots} },
year = {2010}
}

@article{Ruderman:1998ut,
author = {Ruderman, D L and Cronin, T W and Chiao, C C},
title = {{Optics InfoBase: Journal of the Optical Society of America A - Statistics of cone responses to natural images: implications for visual coding}},
journal = {JOSA A},
year = {1998}
}

@article{Schomaker:1993wd,
author = {Schomaker, L},
title = {{Using stroke-or character-based self-organizing maps in the recognition of on-line, connected cursive script}},
journal = {Pattern Recognition},
year = {1993}
}

@article{Kool:2010jq,
author = {Kool, J and Uren, A G and Martins, C P and Sie, D and de Ridder, J and Turner, G and van Uitert, M and Matentzoglu, K and Lagcher, W and Krimpenfort, P and Gadiot, J and Pritchard, C and Lenz, J and Lund, A H and Jonkers, J and Rogers, J and Adams, D J and Wessels, L and Berns, A and van Lohuizen, M},
title = {{Insertional Mutagenesis in Mice Deficient for p15Ink4b, p16Ink4a, p21Cip1, and p27Kip1 Reveals Cancer Gene Interactions and Correlations with Tumor Phenotypes}},
journal = {Cancer Research},
year = {2010},
volume = {70},
number = {2},
pages = {520--531},
month = jan
}

@article{Niels:2004uf,
author = {Niels, R},
title = {{Dynamic Time Warping: An intuitive way of handwriting recognition?}},
journal = {Citeseer},
year = {2004}
}

@article{Gauthier:2001vf,
author = {Gauthier, N and Arti{\`e}res, T and al, et},
title = {{Strategies for combining on-line and off-line information in an on-line handwriting recognition system}},
journal = {{\ldots}  and Recognition},
year = {2001}
}

@article{Harrow:2012tu,
author = {Harrow, Jennifer and Frankish, Adam and Gonzalez, Jose M and Tapanari, Electra and Diekhans, Mark and Kokocinski, Felix and Aken, Bronwen L and Barrell, Daniel and Zadissa, Amonida and Searle, Stephen and Barnes, If and Bignell, Alexandra and Boychenko, Veronika and Hunt, Toby and Kay, Mike and Mukherjee, Gaurab and Rajan, Jeena and Despacio-Reyes, Gloria and Saunders, Gary and Steward, Charles and Harte, Rachel and Lin, Michael and Howald, C{\'e}dric and Tanzer, Andrea and Derrien, Thomas and Chrast, Jacqueline and Walters, Nathalie and Balasubramanian, Suganthi and Pei, Baikang and Tress, Michael and Rodriguez, Jose Manuel and Ezkurdia, Iakes and van Baren, Jeltje and Brent, Michael and Haussler, David and Kellis, Manolis and Valencia, Alfonso and Reymond, Alexandre and Gerstein, Mark and Guig{\'o}, Roderic and Hubbard, Tim J},
title = {{GENCODE: The reference human genome annotation for The ENCODE Project}},
journal = {Genome  {\ldots}},
year = {2012}
}

@article{Wu:2003tb,
author = {Wu, MPH},
title = {{Handwritten Character Recognition}},
journal = {Submitted for the degree of Bachelor of  {\ldots}},
year = {2003}
}

@article{Itakura:1975jh,
author = {Itakura, F},
title = {{Minimum prediction residual principle applied to speech recognition}},
journal = {Acoustics, Speech and Signal Processing, IEEE Transactions on},
year = {1975},
volume = {23},
number = {1},
pages = {67--72},
month = feb
}

@article{Mathur:2010tb,
author = {Mathur, S},
title = {{Handwritten Character Recognition}},
journal = {cs229.stanford.edu},
year = {2010}
}

@article{Thurman:2007vk,
author = {Thurman, Robert E and Day, Nathan and Noble, William S and Stamatoyannopoulos, John A},
title = {{Identification of higher-order functional domains in the human ENCODE regions}},
journal = {Genome  {\ldots}},
year = {2007}
}

@article{Anonymous:2003wf,
title = {{Word image matching using dynamic time warping}},
journal = {Computer Vision and Pattern  {\ldots}},
year = {2003}
}

@article{Anonymous:2004uz,
title = {{The writer independent online handwriting recognition system frog on hand and cluster generative statistical dynamic time warping}},
journal = {Pattern Analysis and Machine  {\ldots}},
year = {2004}
}

@article{Anonymous:1993uq,
title = {{Normalizing and restoring on-line handwriting}},
journal = {Pattern Recognition},
year = {1993}
}

@article{Vuurpijl:2005vn,
author = {Vuurpijl, L},
title = {{Using Dynamic Time Warping for intuitive handwriting recognition}},
journal = {Proc. IGS2005},
year = {2005}
}

@article{Ahmad:2004wu,
author = {Ahmad, A R and al, et},
title = {{Online handwriting recognition using support vector machine}},
journal = {TENCON 2004. 2004  {\ldots}},
year = {2004}
}

@article{Sun:2006vv,
author = {Sun, H and Lui, J and Yau, DKY},
title = {{ScienceDirect.com - Computer Networks - Distributed mechanism in detecting and defending against the low-rate TCP attack}},
journal = {computer Networks},
year = {2006}
}

@article{Poisson:2002vf,
author = {Poisson, E and al, et},
title = {{Multi-modular architecture based on convolutional neural networks for online handwritten character recognition}},
journal = {{\ldots}  Processing},
year = {2002}
}

@article{Vuurpijl:1997vy,
author = {Vuurpijl, L and Schomaker, L},
title = {{Finding structure in diversity: A hierarchical clustering method for the categorization of allographs in handwriting}},
journal = {Document Analysis and Recognition {\ldots}},
year = {1997}
}

@article{Rabiner:1980uj,
author = {Rabiner, Lawrence R and Schmidt, Carolyn E},
title = {{Application of Dynamic  Time  Warping to Connected  Digit  Recognition}},
journal = {IEEE  TRANSACTIONS  ON  ACOUSTICS, SPEECH,  AND  SIGNAL   PROCESSING},
year = {1980},
volume = {ASSP-28},
number = {4},
pages = {377--388}
}

@article{Namboodi:2004vw,
author = {Namboodi, Anoop M and Jain, Anil K},
title = {{Online Handwritten Script Recognition}},
journal = {IEEE TRANSACTIONS ON PATTERN ANALYSIS AND MACHINE INTELLIGENCE},
year = {2004},
volume = {26},
number = {1}
}

@article{Jaeger:VWiehF9b,
author = {Jaeger, S and Manke, S and Reichert, J and Waibel, A},
title = {{Online Handwriting Recognition: the NPen++ recognizer}},
journal = {International Journal on Document Analysis and Recogknition}
}

@article{Keshari:2007vn,
author = {Keshari, Birendra and Watt, Stephen M},
title = {{Hybrid mathematical symbol recognition using support vector machines}},
journal = {Document Analysis and Recognition {\ldots}},
year = {2007}
}

@inproceedings{Niennattrakul:2009ep,
author = {Niennattrakul, Vit and Ratanamahatana, Chotirat Ann},
title = {{Shape averaging under Time Warping}},
booktitle = {2009 6th International Conference on Electrical Engineering/Electronics, Computer, Telecommunications and Information Technology (ECTI-CON)},
year = {2009},
pages = {626--629},
publisher = {IEEE}
}

@article{Pastor:2005uk,
author = {Pastor, M and al, et},
title = {{Writing speed normalization for on-line handwritten text recognition}},
journal = {Document Analysis and  {\ldots}},
year = {2005}
}

@article{Zhang:wj,
author = {Zhang, Yan and Tang, Zhen-min and Li, Yan-ping and Qian, Bo},
title = {{Ensemble Learning and Optimizing KNN Method for Speaker Recognition}},
journal = {Fuzzy Systems and Knowledge Discovery, 2007. FSKD 2007. Fourth International Conference on}
}

@article{Kittler:tr,
author = {Kittler, J and Hatef, M and Duin, R P W and Matas, J},
title = {{On combining classifiers}},
journal = {Pattern Analysis and Machine Intelligence, IEEE Transactions on}
}

@article{Anonymous:2002ue,
title = {{Speeding up On-line Recognition of Handwritten Characters by Pruning the Prototype Set}},
journal = {lib.tkk.fi},
year = {2002}
}

@article{Anonymous:1999wl,
title = {{Self-organizing maps and learning vector quantization for feature sequences}},
journal = {Neural Processing Letters},
year = {1999}
}

@article{Tanaka:1999va,
author = {Tanaka, H and Nakajima, K and al, et},
title = {{Hybrid pen-input character recognition system based on integration of online-offline recognition}},
journal = {{\ldots}  and Recognition},
year = {1999}
}

@article{Altenberg:1994wx,
author = {Altenberg, L},
title = {{The schema theorem and Price's theorem}},
journal = {Foundations of genetic algorithms},
year = {1994}
}

@article{Kajstura:2010wg,
author = {Kajstura, Jan and Urbanek, Konrad and Perl, Shira and Hosoda, Toru and Zheng, Hanqiao and Og{\'o}rek, Barbara and Ferreira-Martins, Jo{\~a}o and Goichberg, Polina and Rondon-Clavo, Carlos and Sanada, Fumihiro and D'Amario, Domenico and Rota, Marcello and del Monte, Federica and Orlic, Donald and Tisdale, John and Leri, Annarosa and Anversa, Piero},
title = {{Cardiomyogenesis in the Adult Human Heart}},
journal = {Circulation {\ldots}},
year = {2010}
}

@article{Vose:1990wg,
author = {Vose, M D},
title = {{Generalizing the notion of schema in genetic algorithms}},
journal = {Artificial Intelligence},
year = {1990}
}

@article{Bott:B2gDZkdG,
author = {Bott, Frank},
title = {{Professional Issues in Information Technology}}
}

@article{Haddad:1998vg,
author = {Haddad, H and Khatib, M and Lacroix, S and al, et},
title = {{Reactive navigation in outdoor environments using potential fields}},
journal = {{\ldots}  and Automation},
year = {1998}
}

@article{Berens:1999us,
author = {Berens, J and Finlayson, G D and Qiu, G},
title = {{IEEE Xplore Download}},
journal = {Image Processing And Its {\ldots}},
year = {1999}
}

@article{Debnath:2003wk,
author = {Debnath, S and Pennock, D M and Giles, C L and al, et},
title = {{Information incorporation in online in-game sports betting markets}},
journal = {Proceedings of the 4th  {\ldots}},
year = {2003}
}

@article{Forrest:2005tq,
author = {Forrest, D and Goddard, J and al, et},
title = {{Odds-setters as forecasters: The case of English football}},
journal = {International Journal of Forecasting},
year = {2005}
}

@article{Boulier:2003tp,
author = {Boulier, B L and al, et},
title = {{Predicting the outcomes of National Football League games}},
journal = {International Journal of Forecasting},
year = {2003}
}

@article{Hoffman:2012gn,
author = {Hoffman, Michael M and Buske, Orion J and Wang, Jie and Weng, Zhiping and Bilmes, Jeff A and Noble, William Stafford},
title = {{Unsupervised pattern discovery in human chromatin structure through genomic segmentation}},
journal = {Nature methods},
year = {2012},
volume = {9},
number = {5},
pages = {473--476},
month = mar
}

@article{Shendure:2008uc,
author = {Shendure, J and Ji, H},
title = {{Next-generation DNA sequencing}},
journal = {Nature biotechnology},
year = {2008}
}

@webpage{genome.gov:faq,
title = {{Human Genome Project Completion: Frequently Asked Questions}},
url = {http://www.genome.gov/11006943}
}

@article{Zhang:2008wp,
author = {Zhang, Y and Liu, T and Meyer, C A and Eeckhoute, J and al, et},
title = {{Model-based analysis of ChIP-Seq (MACS)}},
journal = {Genome  {\ldots}},
year = {2008}
}

@article{Won:2008ep,
author = {Won, Kyoung-Jae and Chepelev, Iouri and Ren, Bing and Wang, Wei},
title = {{Prediction of regulatory elements in mammalian genomes using chromatin signatures}},
journal = {BMC Bioinformatics},
year = {2008},
volume = {9},
number = {1},
pages = {547}
}

@article{Jothi:2008wn,
author = {Jothi, R and Cuddapah, S and Barski, A and Cui, K and al, et},
title = {{Genome-wide identification of in vivo protein--DNA binding sites from ChIP-Seq data}},
journal = {Nucleic acids  {\ldots}},
year = {2008}
}

@webpage{ornl.gov:about_hgp,
title = {{About the Human Genome Project}},
url = {http://www.ornl.gov/sci/techresources/Human_Genome/project/about.shtml}
}

@article{Mardis:2007wa,
author = {Mardis, E R},
title = {{ChIP-seq: welcome to the new frontier}},
journal = {Nature methods},
year = {2007}
}

@article{Ramagopalan:2010ui,
author = {Ramagopalan, S V and Heger, A and Berlanga, A J and al, et},
title = {{A ChIP-seq defined genome-wide map of vitamin D receptor binding: associations with disease and evolution}},
journal = {Genome  {\ldots}},
year = {2010}
}

@article{Liu:2012ve,
author = {Liu, L and Li, Y and Li, S and Hu, N and He, Y and Pong, R and Lin, D},
title = {{Comparison of Next-Generation Sequencing Systems}},
journal = {Journal of Biomedicine {\ldots}},
year = {2012}
}

@article{Barski:2009wy,
author = {Barski, A and Zhao, K},
title = {{Genomic location analysis by ChIP‐Seq}},
journal = {Journal of cellular biochemistry},
year = {2009}
}

@article{Kundaje:2012tw,
author = {Kundaje, Anshul and Kyriazopoulou-Panagiotopoulou, Sofia and Libbrecht, Max and Smith, Cheryl L and Raha, Debasish and Winters, Elliott E and Johnson, Steven M and Snyder, Michael and Batzoglou, Serafim and Sidow, Arend},
title = {{Ubiquitous heterogeneity and asymmetry of the chromatin environment at regulatory elements}},
journal = {{\ldots} research},
year = {2012}
}

@article{Xu:2008vh,
author = {Xu, H and Wei, C L and Lin, F and Sung, W K},
title = {{An HMM approach to genome-wide identification of differential histone modification sites from ChIP-seq data}},
journal = {Bioinformatics},
year = {2008}
}

@article{Metzker:j6NWuwFp,
author = {Metzker, Michael L},
title = {{Sequencing Technologies - the Next Generation}}
}

@article{Jee:2011uf,
author = {Jee, Justin and Rozowsky, Joel and Yip, Kevin Y and Lochovsky, Lucas and Bjornson, Robert and Zhong, Guoneng and Zhang, Zhengdong and Fu, Yutao and Wang, Jie and Weng, Zhiping and Gerstein, Mark},
title = {{ACT: aggregation and correlation toolbox for analyses of genome tracks}},
journal = {{\ldots} },
year = {2011}
}

@article{Park:2009wc,
author = {Park, P J},
title = {{ChIP--seq: advantages and challenges of a maturing technology}},
journal = {Nature Reviews Genetics},
year = {2009}
}

@article{Liang:2012ts,
author = {Liang, K and Keles, S},
title = {{Normalization of ChIP-seq data with control}},
journal = {BMC Bioinformatics},
year = {2012}
}

@article{Hon:2008wv,
author = {Hon, G and Ren, B and Wang, W},
title = {{ChromaSig: a probabilistic approach to finding common chromatin signatures in the human genome}},
journal = {PLoS computational biology},
year = {2008}
}

@article{Anonymous:0ahuMyg4,
title = {{thenewgenetics}}
}

@article{Luan:2003vy,
author = {Luan, Y and Li, H},
title = {{Clustering of time-course gene expression data using a mixed-effects model with B-splines}},
journal = {Bioinformatics},
year = {2003}
}

@article{Liao:2005tp,
author = {Liao, T Warren},
title = {{Clustering of time series data---a survey}},
journal = {Pattern Recognition},
year = {2005}
}

@article{Mercola:2012jz,
author = {Mercola, Mark},
title = {{Cardiovascular biology: A boost for heart regeneration}},
journal = {Nature  {\ldots}},
year = {2012},
volume = {492},
number = {7429},
pages = {360--362},
month = dec
}

@article{Guha:2000vp,
author = {Guha, S and Mishra, N and Motwani, R and al, et},
title = {{Clustering data streams}},
journal = {{\ldots}  of computer science},
year = {2000}
}

@article{Schweikert:rFb44H4W,
author = {Schweikert, Gabriele and Cseke, Botond and Clouaire, Thomas and Bird, Adrian and Sanguinetti, Guido},
title = {{A Non-parametric Statistical Test for Differential Peak Detection in ChIP-Seq Data}}
}

@article{Richter:2008bi,
author = {Richter, Joel D},
title = {{Think you know how miRNAs work? Think again.}},
journal = {Nature  {\ldots}},
year = {2008},
volume = {15},
number = {4},
pages = {334--336},
month = apr
}

@article{Barski:2007ww,
author = {Barski, A and Cuddapah, S and Cui, K and Roh, T Y and Schones, D E and al, et},
title = {{High-resolution profiling of histone methylations in the human genome}},
journal = {Cell},
year = {2007}
}

@article{KolasinskaZwierz:2009tf,
author = {Kolasinska-Zwierz, P and Down, T and Latorre, I and Liu, T and Liu, X S},
title = {{Differential chromatin marking of introns and expressed exons by H3K36me3 : Abstract : Nature Genetics}},
journal = {Nature  {\ldots}},
year = {2009}
}

@article{Anders:2010vr,
author = {Anders, S and Huber, W},
title = {{Differential expression analysis for sequence count data}},
journal = {Genome Biol},
year = {2010}
}

@article{Robinson:2010wx,
author = {Robinson, M D and McCarthy, D J and Smyth, G K},
title = {{edgeR: a Bioconductor package for differential expression analysis of digital gene expression data}},
journal = {Bioinformatics},
year = {2010}
}

@article{Ionita:2008cq,
author = {Ionita, Mircea C and Corcoran, Peter},
title = {{Benefits of Using Decorrelated Color Information for Face Segmentation/Tracking}},
journal = {Advances in Optical Technologies},
year = {2008},
volume = {2008},
number = {2},
pages = {1--8}
}

@article{Zhao:2011ud,
author = {Zhao, X and Valen, E and Parker, B J and Sandelin, A},
title = {{Systematic clustering of transcription start site landscapes}},
journal = {PloS one},
year = {2011}
}

@article{Havugimana:2012is,
author = {Havugimana, Pierre C and Hart, G Traver and Nepusz, Tam{\'a}s and Yang, Haixuan and Turinsky, Andrei L and Li, Zhihua and Wang, Peggy I and Boutz, Daniel R and Fong, Vincent and Phanse, Sadhna and Babu, Mohan and Craig, Stephanie A and Hu, Pingzhao and Wan, Cuihong and Vlasblom, James and Dar, Vaqaar-un-Nisa and Bezginov, Alexandr and Clark, Gregory W and Wu, Gabriel C and Wodak, Shoshana J and Tillier, Elisabeth R M and Paccanaro, Alberto and Marcotte, Edward M and Emili, Andrew},
title = {{A Census of Human Soluble Protein Complexes}},
journal = {Cell},
year = {2012},
volume = {150},
number = {5},
pages = {1068--1081},
month = aug
}

@article{Rye:2011tp,
author = {Rye, M B and S{\ae}trom, P and Drabl{\o}s, F},
title = {{A manually curated ChIP-seq benchmark demonstrates room for improvement in current peak-finder programs}},
journal = {Nucleic Acids Research},
year = {2011}
}

@article{Chen:2010gd,
author = {Chen, Zhuo Angel and Jawhari, Anass and Fischer, Lutz and Buchen, Claudia and Tahir, Salman and Kamenski, Tomislav and Rasmussen, Morten and Lariviere, Laurent and Bukowski-Wills, Jimi-Carlo and Nilges, Michael and Cramer, Patrick and Rappsilber, Juri},
title = {{Architecture of the RNA polymerase II--TFIIF complex revealed by cross-linking and mass spectrometry}},
journal = {The EMBO Journal},
year = {2010},
volume = {29},
number = {4},
pages = {717--726},
month = jan
}

@article{Stegle:2010vc,
author = {Stegle, O and Drewe, P and Bohnert, R and Borgwardt, K and al, et},
title = {{Statistical tests for detecting differential RNA-transcript expression from read counts}},
journal = {Nat  {\ldots}},
year = {2010}
}

@article{Kouzarides:2007ui,
author = {Kouzarides, T},
title = {{Chromatin modifications and their function}},
journal = {Cell},
year = {2007}
}

@article{Hsu:2006dh,
author = {Hsu, F and Kent, W J and Clawson, H and Kuhn, R M and Diekhans, M and Haussler, D},
title = {{The UCSC Known Genes}},
journal = {Bioinformatics},
year = {2006},
volume = {22},
number = {9},
pages = {1036--1046},
month = apr
}

@article{Guttman:2010tv,
author = {Guttman, M and Garber, M and Levin, J Z and Donaghey, J and al, et},
title = {{Ab initio reconstruction of cell type-specific transcriptomes in mouse reveals the conserved multi-exonic structure of lincRNAs}},
journal = {Nature  {\ldots}},
year = {2010},
annote = {Introduces scripture - tool used for broad peak data}
}

@article{Roh:2006vn,
author = {Roh, Tae-Young and Cuddapah, Suresh and Cui, Kairong and Zhao, Keji},
title = {{The genomic landscape of histone modifications in human T cells}},
journal = {Proceedings of the {\ldots}},
year = {2006}
}

@article{Grundy:1997vb,
author = {Grundy, W N and Bailey, T L and Elkan, C P and al, et},
title = {{Meta-MEME: motif-based hidden Markov models of protein families}},
journal = {{\ldots}  applications in the  {\ldots}},
year = {1997}
}

@article{Xu:2010td,
author = {Xu, Han and Handoko, Lusy and Wei, Xueliang and Ye, Chaopeng and Sheng, Jianpeng and Wei, Chia-Lin and Lin, Feng and Sung, Wing-Kin},
title = {{A signal--noise model for significance analysis of ChIP-seq with negative control}},
journal = {{\ldots} },
year = {2010}
}

@article{Teemu:2009tp,
author = {Teemu, L and Sunil, R and Soile, T and Riitta, L and Tero, A and al, et},
title = {{A practical comparison of methods for detecting transcription factor binding sites in ChIP-seq experiments}},
journal = {BMC  {\ldots}},
year = {2009}
}

@article{Anonymous:Obr5cxnb,
title = {{gb-2008-9-9-r137}}
}

@article{Koch:2007ud,
author = {Koch, Christoph M and Andrews, Robert M and Flicek, Paul and Dillon, Shane C and Kara{\"o}z, Ula{\c s} and Clelland, Gayle K and Wilcox, Sarah and Beare, David M and Fowler, Joanna C and Couttet, Phillippe and James, Keith D and Lefebvre, Gregory C and Bruce, Alexander W and Dovey, Oliver M and Ellis, Peter D and Dhami, Pawandeep and Langford, Cordelia F and Weng, Zhiping and Birney, Ewan and Carter, Nigel P and Vetrie, David and Dunham, Ian},
title = {{The landscape of histone modifications across 1% of the human genome in five human cell lines}},
journal = {Genome  {\ldots}},
year = {2007}
}

@article{Valerie:tc,
author = {Valerie, H and Lior, P},
title = {{Shape-based peak identification for ChIP-Seq}},
journal = {BMC Bioinformatics}
}

@article{Bessarabova:2010ug,
author = {Bessarabova, M and Kirillov, E and Shi, W and Bugrim, A and al, et},
title = {{Bimodal gene expression patterns in breast cancer}},
journal = {BMC  {\ldots}},
year = {2010}
}

@article{Kharchenko:2008wo,
author = {Kharchenko, P V and Tolstorukov, M Y and Park, P J},
title = {{Design and analysis of ChIP-seq experiments for DNA-binding proteins}},
journal = {Nature biotechnology},
year = {2008}
}

@article{Ferre:2006bb,
author = {Ferre, F and Clote, P},
title = {{BTW: a web server for Boltzmann time warping of gene expression time series}},
journal = {Nucleic Acids Research},
year = {2006},
volume = {34},
number = {Web Server},
pages = {W482--W485},
month = jul
}

@article{Bieberstein:2012tf,
author = {Bieberstein, Nicole I and Oesterreich, Fernando Carrillo and Straube, Korinna and Neugebauer, Karla M},
title = {{First Exon Length Controls Active Chromatin Signatures and Transcription}},
journal = {Cell Reports},
year = {2012}
}

@article{Rappsilber:2011jw,
author = {Rappsilber, Juri},
title = {{The beginning of a beautiful friendship: Cross-linking/mass spectrometry and modelling of proteins and multi-protein complexes}},
journal = {Journal of Structural Biology},
year = {2011},
volume = {173},
number = {3},
pages = {530--540},
month = mar
}

@article{Ramasubramanian:1992wu,
author = {Ramasubramanian, V and Paliwal, K K},
title = {{An efficient approximation-elimination algorithm for fast nearest-neighbour search based on a spherical distance coordinate formulation}},
journal = {Pattern Recognition Letters},
year = {1992}
}

@article{Anonymous:RZwlu4dv,
title = {{FastDTW_paper}}
}

@article{Fu:2008wy,
author = {Fu, A W and Keogh, E and Lau, L Y},
title = {{Scaling and time warping in time series querying}},
journal = {The VLDB Journal--- {\ldots}},
year = {2008}
}

@article{Ucar:2011cg,
author = {Ucar, D and Hu, Q and Tan, K},
title = {{Combinatorial chromatin modification patterns in the human genome revealed by subspace clustering}},
journal = {Nucleic Acids Research},
year = {2011},
volume = {39},
number = {10},
pages = {4063--4075},
month = may
}

@article{Anonymous:2002uu,
title = {{Evaluation of Hierarchical Clustering Algorithms for Document Datasets}},
year = {2002},
pages = {1--10},
month = sep
}

@article{Petitjean:2011bq,
author = {Petitjean, Fran{\c c}ois and Ketterlin, Alain and Gan{\c c}arski, Pierre},
title = {{A global averaging method for dynamic time warping, with applications to clustering}},
journal = {Pattern Recognition},
year = {2011},
volume = {44},
number = {3},
pages = {678--693},
month = mar
}

@article{Anonymous:0laC2U5-,
title = {{The Clustergram: A graph for visualizing hierarchical and non-hierarchical cluster analyses}},
year = {2002},
pages = {1--19},
month = aug
}

@article{Anonymous:Qin7-Y1v,
title = {{INTERACTIVE COLOR MOSAIC AND DENDROGRAM DISPLAYS FOR SIGNAL/ NOISE OPTIMIZATION IN MICROARRAY DATA ANALYSIS}},
year = {2012},
pages = {1--5},
month = oct
}

@article{Niennattrakul:2007wv,
author = {Niennattrakul, V and Ratanamahatana, C A},
title = {{Inaccuracies of Shape Averaging Method Using Dynamic Time Warping for Time Series Data - Springer}},
journal = {Computational Science--ICCS 2007},
year = {2007},
annote = {Shows that balanced hierarchical averaging and sequential hierarchical averaging both produce results that are not suitable for using them in, say{\ldots} k-means.

This is due to DTW not satisfying triangle inequality.}
}

@article{Swain:1991tm,
author = {Swain, M J and Ballard, D H},
title = {{Color indexing - Springer}},
journal = {International journal of computer vision},
year = {1991}
}

@article{Mullner:2011wb,
author = {M{\"u}llner, Daniel},
title = {{Modern hierarchical, agglomerative clustering algorithms}},
journal = {arXiv.org},
year = {2011},
month = sep
}

@article{Yankov:2007wf,
author = {Yankov, D and Keogh, E and Medina, J and Chiu, B},
title = {{Detecting time series motifs under uniform scaling}},
journal = {{\ldots} Discovery in Data: {\ldots}},
year = {2007}
}

@article{Liu:2005iy,
author = {Liu, Chih Long and Kaplan, Tommy and Kim, Minkyu and Buratowski, Stephen and Schreiber, Stuart L and Friedman, Nir and Rando, Oliver J},
title = {{Single-Nucleosome Mapping of Histone Modifications in S. cerevisiae}},
journal = {PLoS biology},
year = {2005},
volume = {3},
number = {10},
pages = {e328},
month = aug,
annote = {from what it looks they compare the methylation levels for each of the different types of histone modifications rather than shapes of these}
}

@article{Furey:2012ha,
author = {Furey, Terrence S},
title = {{ChIP--seq and beyond: new and improved methodologies to detect and characterize protein--DNA interactions}},
journal = {Nature Reviews Genetics},
year = {2012},
volume = {13},
number = {12},
pages = {840--852},
month = oct
}

@article{Lai:2010ue,
author = {Lai, W and Buck, M J},
title = {{ArchAlign: coordinate-free chromatin alignment reveals novel architectures}},
journal = {Genome Biol},
year = {2010}
}

@article{Heintzman:2007ke,
author = {Heintzman, Nathaniel D and Stuart, Rhona K and Hon, Gary and Fu, Yutao and Ching, Christina W and Hawkins, R David and Barrera, Leah O and Van Calcar, Sara and Qu, Chunxu and Ching, Keith A and Wang, Wei and Weng, Zhiping and Green, Roland D and Crawford, Gregory E and Ren, Bing},
title = {{Distinct and predictive chromatin signatures of transcriptional promoters and enhancers in the human genome}},
journal = {Nature Genetics},
year = {2007},
volume = {39},
number = {3},
pages = {311--318},
month = feb
}

@article{Wang:2012cb,
author = {Wang, J and Lunyak, V V and Jordan, I K},
title = {{Chromatin signature discovery via histone modification profile alignments}},
journal = {Nucleic Acids Research},
year = {2012},
volume = {40},
number = {21},
pages = {10642--10656},
month = nov
}

@article{Botstein:2000ja,
author = {Botstein, David and Cherry, J Michael and Ashburner, Michael and Ball, Catherine A and Blake, Judith A and Butler, Heather and Davis, Allan P and Dolinski, Kara and Dwight, Selina S and Eppig, Janan T and Harris, Midori A and Hill, David P and Issel-Tarver, Laurie and Kasarskis, Andrew and Lewis, Suzanna and Matese, John C and Richardson, Joel E and Ringwald, Martin and Rubin, Gerald M and Sherlock, Gavin},
title = {{Gene Ontology: tool for the unification of biology}},
journal = {Nature Genetics},
year = {2000},
volume = {25},
number = {1},
pages = {25--29},
month = may
}

@article{Lai:2012es,
author = {Lai, W K M and Bard, J E and Buck, M J},
title = {{ArchTEx: accurate extraction and visualization of next-generation sequence data}},
journal = {Bioinformatics},
year = {2012},
volume = {28},
number = {7},
pages = {1021--1023},
month = mar
}

@article{Greer:2011bf,
author = {Greer, Eric L and Maures, Travis J and Ucar, Duygu and Hauswirth, Anna G and Mancini, Elena and Lim, Jana P and Benayoun, B{\'e}r{\'e}nice A and Shi, Yang and Brunet, Anne},
title = {{Transgenerational epigenetic inheritance of longevity in Caenorhabditis elegans}},
journal = {Nature  {\ldots}},
year = {2011},
volume = {479},
number = {7373},
pages = {365--371},
month = oct
}

@inproceedings{Hautamaki:2008fh,
author = {Hautamaki, Ville and Nykanen, Pekka and Franti, Pasi},
title = {{Time-series clustering by approximate prototypes}},
booktitle = {2008 19th International Conference on Pattern Recognition (ICPR)},
year = {2008},
pages = {1--4},
publisher = {IEEE}
}

@article{Heintzman:2007kea,
author = {Heintzman, Nathaniel D and Stuart, Rhona K and Hon, Gary and Fu, Yutao and Ching, Christina W and Hawkins, R David and Barrera, Leah O and Van Calcar, Sara and Qu, Chunxu and Ching, Keith A and Wang, Wei and Weng, Zhiping and Green, Roland D and Crawford, Gregory E and Ren, Bing},
title = {{Distinct and predictive chromatin signatures of transcriptional promoters and enhancers in the human genome}},
journal = {Nature Genetics},
year = {2007},
volume = {39},
number = {3},
pages = {311--318},
month = feb
}

@article{Altschul:2001kw,
author = {Altschul, S F},
title = {{The estimation of statistical parameters for local alignment score distributions}},
journal = {Nucleic Acids Research},
year = {2001},
volume = {29},
number = {2},
pages = {351--361},
month = jan
}

@article{Henniger:2007us,
author = {Henniger, O and Muller, S},
title = {{Effects of time Normalization on the Accuracy of Dynamic Time Warping}},
journal = {{\ldots} },
year = {2007},
annote = {Shows empirical evidence that scaling the time series has a detrimental effect on recognition accuracy. (Contrary to Ratanamahatana and Keogh)}
}

@article{Krishnamoorthy:2004wx,
author = {Krishnamoorthy, K and Thomson, J},
title = {{ScienceDirect.com - Journal of Statistical Planning and Inference - K. Krishnamoorthy, Jessica Thomson}},
journal = {Journal of Statistical Planning and {\ldots}},
year = {2004},
annote = {Comparing}
}

@webpage{Molden:2009wk,
author = {Molden, Sturla},
title = {{Using Python, multiprocessing and NumPy/SciPy for parallel numerical computing}},
year = {2009},
month = jan,
url = {http://folk.uio.no/sturlamo/python/multiprocessing-tutorial.pdf}
}

@article{Giorgino:2009ue,
author = {Giorgino, T},
title = {{Computing and visualizing dynamic time warping alignments in R: The dtw package}},
journal = {Journal of Statistical Software},
year = {2009}
}

@article{Storey:2001bh,
author = {Storey, John D and Siegmund, David},
title = {{Approximate P-Values for Local Sequence Alignments: Numerical Studies}},
journal = {Journal of Computational Biology},
year = {2001},
volume = {8},
number = {5},
pages = {549--556},
month = oct
}

@article{Dembo:1994tl,
author = {Dembo, A and Karlin, S and Zeitouni, O},
title = {{Limit distribution of maximal non-aligned two-sequence segmental score}},
journal = {The Annals of Probability},
year = {1994},
pages = {2022--2039}
}

@article{De:2010tu,
author = {De, S and Babu, M M},
title = {{Genomic neighbourhood and the regulation of gene expression}},
journal = {Current opinion in cell biology},
year = {2010},
volume = {22},
number = {3},
pages = {326--333}
}

@article{Bundschuh:2002hk,
author = {Bundschuh, Ralf},
title = {{Rapid Significance Estimation in Local Sequence Alignment with Gaps}},
journal = {Journal of Computational Biology},
year = {2002},
volume = {9},
number = {2},
pages = {243--260},
month = apr
}

@article{Agrawal:2008wb,
author = {Agrawal, A and Ghosh, A and Huang, X},
title = {{Estimating pairwise statistical significance of protein local alignments using a clustering-classification approach based on amino acid composition}},
journal = {Bioinformatics Research and Applications},
year = {2008},
pages = {62--73}
}

@article{Annunziato:2008wh,
author = {Annunziato, A},
title = {{DNA Packaging: Nucleosomes and Chromatin | Learn Science at Scitable}},
journal = {Nature Education},
year = {2008}
}

@article{Kouzarides:2007js,
author = {Kouzarides, Tony},
title = {{Chromatin Modifications and Their Function}},
journal = {Cell},
year = {2007},
volume = {128},
number = {4},
pages = {13},
month = feb
}

@article{Petitjean:2012bp,
author = {Petitjean, Fran{\c c}ois and Gan{\c c}arski, Pierre},
title = {{Summarizing a set of time series by averaging: From Steiner sequence to compact multiple alignment}},
journal = {Theoretical Computer Science},
year = {2012},
volume = {414},
number = {1},
pages = {76--91},
month = jan
}

@article{Cartwright:2011hy,
author = {Cartwright, Reed A and Graur, Dan},
title = {{The multiple personalities of Watson and Crick strands}},
journal = {Biology Direct},
year = {2011},
volume = {6},
number = {1},
pages = {7}
}

@article{Karlin:1990wq,
author = {Karlin, S and Altschul, S F},
title = {{Methods for assessing the statistical significance of molecular sequence features by using general scoring schemes}},
journal = {{\ldots} of the National Academy of Sciences},
year = {1990}
}

@article{Taslim:vj,
author = {Taslim, Cenny and Wu, Jiejun and Yan, Pearlly and Singer, Greg and Parvin, Jeffrey and Huang, Tim and Lin, Shili and Huang, Kun},
title = {{Comparative study on ChIP-seq data: normalization and binding pattern characterization}},
journal = {bioinformatics.oxfordjournals.org}
}

@article{Hirano:2005wh,
author = {Hirano, S and Tsumoto, S},
title = {{Empirical Comparison of Clustering Methods for Long Time-Series Databases - Springer}},
journal = {Active Mining},
year = {2005},
annote = {States that Complete-Linkage is best used in Agglomerative Clustering using DTW}
}

@article{Clifford:2009hh,
author = {Clifford, David and Stone, Glenn and Montoliu, Ivan and Rezzi, Serge and Martin, Fran{\c c}ois-Pierre and Guy, Philippe and Bruce, Stephen and Kochhar, Sunil},
title = {{Alignment Using Variable Penalty Dynamic Time Warping}},
journal = {Analytical Chemistry},
year = {2009},
volume = {81},
number = {3},
pages = {1000--1007},
month = feb
}

@article{Solomon:1988gv,
author = {Solomon, Mark J and Larsen, Pamela L and Varshavsky, Alexander},
title = {{Mapping proteinDNA interactions in vivo with formaldehyde: Evidence that histone H4 is retained on a highly transcribed gene}},
journal = {Cell},
year = {1988},
volume = {53},
number = {6},
pages = {937--947},
month = jun
}

@article{Fischle:2003tl,
author = {Fischle, W and Wang, Y and Allis, C D},
title = {{Histone and chromatin cross-talk}},
journal = {Current opinion in cell biology},
year = {2003}
}

@article{Blat:1999wk,
author = {Blat, Y and Kleckner, N},
title = {{ScienceDirect.com - Cell - Cohesins Bind to Preferential Sites along Yeast Chromosome III, with Differential Regulation along Arms versus the Centric Region}},
journal = {Cell},
year = {1999}
}

@article{Niennattrakul:2009vd,
author = {Niennattrakul, Vit and Ratanamahatana, Chotirat Ann},
title = {{Learning DTW Global Constraint for Time Series Classification}},
journal = {arXiv.org},
year = {2009},
month = feb
}

@article{Bartke:2010fh,
author = {Bartke, Till and Vermeulen, Michiel and Xhemalce, Blerta and Robson, Samuel C and Mann, Matthias and Kouzarides, Tony},
title = {{Nucleosome-Interacting Proteins Regulated by DNA and Histone Methylation}},
journal = {Cell},
year = {2010},
volume = {143},
number = {3},
pages = {470--484},
month = oct
}

@article{Bird:2007em,
author = {Bird, Adrian},
title = {{Perceptions of epigenetics}},
journal = {Nature  {\ldots}},
year = {2007},
volume = {447},
number = {7143},
pages = {396--398},
month = may
}

@article{Poleksic:2005ce,
author = {Poleksic, Aleksandar and Danzer, Joseph F and Hambly, Kevin and Debe, Derek A},
title = {{Convergent Island Statistics: a fast method for determining local alignment score significance}},
journal = {Bioinformatics},
year = {2005},
volume = {21},
number = {12},
pages = {2827--2831},
month = jun
}

@article{Ramanath:2003kc,
author = {Ramanath, Rajeev and Kuehni, Rolf G and Snyder, Wesley E and Hinks, David},
title = {{Spectral spaces and color spaces}},
journal = {Color Research {\&} Application},
year = {2003},
volume = {29},
number = {1},
pages = {29--37}
}

@inproceedings{Ratanamahatana:2004wk,
author = {Ratanamahatana, C A and Keogh, E},
title = {{Data Mining: Proceedings - Michael W. Berry - Google Books}},
booktitle = {Proceedings of SIAM {\ldots}},
year = {2004}
}

@article{Eulalio:2012jl,
author = {Eulalio, Ana and Mano, Miguel and Ferro, Matteo Dal and Zentilin, Lorena and Sinagra, Gianfranco and Zacchigna, Serena and Giacca, Mauro},
title = {{Functional screening identifies miRNAs inducing cardiac regeneration}},
journal = {Nature  {\ldots}},
year = {2012},
volume = {492},
number = {7429},
pages = {376--381},
month = dec
}

@article{Rosenbloom:2011gw,
author = {Rosenbloom, K R and Dreszer, T R and Long, J C and Malladi, V S and Sloan, C A and Raney, B J and Cline, M S and Karolchik, D and Barber, G P and Clawson, H and Diekhans, M and Fujita, P A and Goldman, M and Gravell, R C and Harte, R A and Hinrichs, A S and Kirkup, V M and Kuhn, R M and Learned, K and Maddren, M and Meyer, L R and Pohl, A and Rhead, B and Wong, M C and Zweig, A S and Haussler, D and Kent, W J},
title = {{ENCODE whole-genome data in the UCSC Genome Browser: update 2012}},
journal = {Nucleic Acids Research},
year = {2011},
volume = {40},
number = {D1},
pages = {D912--D917},
month = dec
}

@article{Waterman:1994uj,
author = {Waterman, M S and Vingron, M},
title = {{Sequence comparison significance and Poisson approximation}},
journal = {Statistical Science},
year = {1994},
volume = {9},
number = {3},
pages = {367--381}
}

@article{Clifford:2012vq,
author = {Clifford, David and Stone, Glenn},
title = {{Variable Penalty Dynamic Time Warping Code for Aligning Mass Spectrometry Chromatograms in R}},
journal = {Journal of Statistical Software},
year = {2012},
volume = {47},
number = {i08}
}

@article{Ratanamahatana:2004wu,
author = {Ratanamahatana, Chotirat Ann and Keogh, Eamonn},
title = {{Everything you know about Dynamic Time Warping is Wrong}},
journal = {Third Workshop on Mining Temporal and Sequential Data},
year = {2004},
pages = {22--25},
month = aug
}

@article{Aach:2001wn,
author = {Aach, John and Church, George M},
title = {{Aligning gene expression time series with time warping algorithms}},
journal = {Bioinformatics},
year = {2001}
}

@article{TheENCODEProjectConsortium:2004db,
author = {{The ENCODE Project Consortium}},
title = {{The ENCODE (ENCyclopedia Of DNA Elements) Project}},
journal = {Science},
year = {2004},
volume = {306},
number = {5696},
pages = {636--640},
month = oct
}

@article{Oyolu:2011ux,
author = {Oyolu, CBO},
title = {{Novel Approaches to the Visualization of Cell Specific Gene Expression Patterns - Chuba Benson Odimegwu Oyolu - Google Books}},
year = {2011}
}

@article{Pearson:1998wo,
author = {Pearson, W R},
title = {{Empirical statistical estimates for sequence similarity searches}},
journal = {Journal of molecular biology},
year = {1998}
}

@article{Yu:2012ca,
author = {Yu, Xinfeng and Zhang, Xuemei and Dhakal, Ishwori B and Beggs, Marjorie and Kadlubar, Susan and Luo, Dali},
title = {{Induction of cell proliferation and survival genes by estradiol-repressed microRNAs in breast cancer cells}},
journal = {BMC Cancer},
year = {2012},
volume = {12},
number = {1},
pages = {29}
}

@article{Johnson:2007fh,
author = {Johnson, David S and Mortazavi, Ali and Myers, Richard M and Wold, Barbara},
title = {{Genome-Wide Mapping of in Vivo Protein-DNA Interactions}},
journal = {Science Signaling},
year = {2007},
volume = {316},
number = {5830},
pages = {1497},
month = jun
}

@article{Kent:2002wd,
author = {Kent, W James and Sugnet, Charles W and Furey, Terrence S and Roskin, Krishna M and Pringle, Tom H and Zahler, Alan M and Haussler, David},
title = {{The Human Genome Browser at UCSC}},
journal = {Genome  {\ldots}},
year = {2002}
}

@article{Vintsyuk:1968vv,
author = {Vintsyuk, T K},
title = {{Speech discrimination by dynamic programming - Springer}},
journal = {Cybernetics and Systems Analysis},
year = {1968}
}

@article{Rye:2011ht,
author = {Rye, Morten and S{\ae}trom, P{\aa}l and H{\aa}ndstad, Tony and Drabl{\o}s, Finn},
title = {{Clustered ChIP-Seq-defined transcription factor binding sites and histone modifications map distinct classes of regulatory elements}},
journal = {BMC Biology},
year = {2011},
volume = {9},
number = {1},
pages = {80}
}

@article{OGeen:2011tu,
author = {O'Geen, H and Echipare, L and Farnham, P J},
title = {{Using ChIP-Seq Technology to Generate High-Resolution Profiles of Histone Modifications - Springer}},
journal = {Methods Mol Biol},
year = {2011}
}

@article{Quinlan:2010ur,
author = {Quinlan, Aaron R and Hall, Ira M},
title = {{BEDTools: a flexible suite of utilities for comparing genomic features}},
year = {2010}
}

@article{Akalin:2009gx,
author = {Akalin, Altuna and Fredman, David and Arner, Erik and Dong, Xianjun and Bryne, Jan and Suzuki, Harukazu and Daub, Carsten O and Hayashizaki, Yoshihide and Lenhard, Boris},
title = {{Transcriptional features of genomic regulatory blocks}},
journal = {Genome Biol},
year = {2009},
volume = {10},
number = {4},
pages = {R38}
}

@article{Parkkinen:1989wj,
author = {Parkkinen, JPS and Hallikainen, J and Jaaskelainen, T},
title = {{Optics InfoBase: Journal of the Optical Society of America A - Characteristic spectra of Munsell colors}},
journal = {JOSA A},
year = {1989}
}

@article{Hansen:2009do,
author = {Hansen, Bruce E},
title = {{TIME SERIES ANALYSIS James D. Hamilton Princeton University Press, 1994}},
journal = {Econometric Theory},
year = {2009},
volume = {11},
number = {03},
pages = {625},
month = feb
}

@article{Sakoe:1978ta,
author = {Sakoe, H and Chiba, S},
title = {{Dynamic programming algorithm optimization for spoken word recognition}},
journal = {Acoustics},
year = {1978}
}

@article{Thorvaldsdottir:2012wy,
author = {Thorvaldsd{\'o}ttir, H and Robinson, J T and Mesirov, J P},
title = {{Integrative Genomics Viewer (IGV): high-performance genomics data visualization and exploration}},
journal = {Briefings in bioinformatics},
year = {2012}
}

@article{Albanese:2012vf,
author = {Albanese, Davide and Visintainer, Roberto and Merler, Stefano and Riccadonna, Samantha and Jurman, Giuseppe and Furlanello, Cesare},
title = {{mlpy: Machine Learning Python}},
journal = {{\ldots} preprint arXiv:12026548},
year = {2012},
month = feb
}

@book{Anonymous:2007uc,
title = {{springer.com}},
publisher = {Springer Berlin Heidelberg},
year = {2007},
address = {Berlin, Heidelberg}
}

@webpage{Anonymous:WQDpSzEq,
title = {{BMC Bioinformatics | Full text | Development and application of a modified dynamic time warping algorithm (DTW-S) to analyses of primate brain expression time series}},
url = {http://www.biomedcentral.com/1471-2105/12/347}
}

@webpage{Anonymous:VjBziXrW,
title = {{BMC Bioinformatics | Full text | Island method for estimating the statistical significance of profile-profile alignment scores}},
url = {http://www.biomedcentral.com/1471-2105/10/112}
}

@article{Poleksic:0L6f4udS,
title = {{Convergent Island Statistics: a fast method for determining local alignment score significance}}
}

@incollection{Muller:2007bo,
author = {M{\"u}ller, Meinard},
title = {{Dynamic Time Warping}},
booktitle = {springer.com},
year = {2007},
pages = {69--84},
publisher = {Springer Berlin Heidelberg},
address = {Berlin, Heidelberg}
}

